@misc{step1,
	title="Положение об Олимпиаде школьников <<Шаг в будущее>> [Электронный ресурс]",
	howpublished="Режим доступа: \url{https://olymp.bmstu.ru/sites/default/files/olymp2021-22/docs/Polozhenie\%202021-2022.pdf} (дата обращения: 20.03.2022)"
}

@misc{step2,
	title="Регламент проведения Олимпиады школьников <<Шаг в будущее>> [Электронный ресурс]",
	howpublished="Режим доступа: \url{https://olymp.bmstu.ru/sites/default/files/olymp2021-22/docs/Reglament\%202021-2022.pdf} (дата обращения: 20.03.2022)"
}

@misc{step3,
	title="Состав оргкомитета Олимпиады школьников <<Шаг в будущее>> [Электронный ресурс]",
	howpublished="Режим доступа: \url{https://olymp.bmstu.ru/sites/default/files/olymp2021-22/docs/Orgkomitet\%202021-2022.pdf} (дата обращения: 20.03.2022)"
}

@misc{step4,
	title="Состав жюри Олимпиады школьников <<Шаг в будущее>> [Электронный ресурс]",
	howpublished="Режим доступа: \url{https://olymp.bmstu.ru/sites/default/files/olymp2021-22/docs/Xhuri\%202021-2022.pdf} (дата обращения: 20.03.2022)"
}

@misc{step5,
	title="Приказ об утверждении организационных материалов Олимпиады школьников <<Шаг в будущее>> на 2021-2022 учебный год [Электронный ресурс]",
	howpublished="Режим доступа: \url{https://olymp.bmstu.ru/sites/default/files/olymp2021-22/docs/Prikaz\%202021-2022.pdf} (дата обращения: 20.03.2022)"
}
